<?xml version="1.0" encoding="UTF-8"?><collection xmlns="http://www.loc.gov/MARC21/slim"><record><leader>00335nam--2200121-i-4500</leader><controlfield tag="001">000038879</controlfield><controlfield tag="002">20161230</controlfield><controlfield tag="005">20161230201042</controlfield><controlfield tag="008">060222s1000------------r-----000-0-eng-d</controlfield><datafield ind1=" " ind2=" " tag="080"><subfield code="a">621.039.003</subfield></datafield><datafield ind1=" " ind2=" " tag="245"><subfield code="a">Research trends 1962-1967. nuclear structure physics</subfield></datafield><datafield ind1=" " ind2=" " tag="260"><subfield code="a">Washington, Nat.Sci.Foundation, /1968/, Viii + 39p</subfield></datafield><datafield ind1=" " ind2=" " tag="852"><subfield code="a">30054</subfield></datafield></record></collection>